<collection xmlns="http://www.loc.gov/MARC21/slim">
<record>
  <leader>04074nam0a22006731i 450 </leader>
  <controlfield tag="001">IT\ICCU\CNCE\013430</controlfield>
  <controlfield tag="005">20151014000000.0</controlfield>
  <datafield tag="012" ind1=" " ind2=" ">
    <subfield code="a">a1o- a-.2 r-n- qu&amp;d (3) 1567 (R)</subfield>
    <subfield code="2">fei</subfield>
  </datafield>
  <datafield tag="100" ind1=" " ind2=" ">
    <subfield code="a">19970101d1567        0itac0103    ba</subfield>
  </datafield>
  <datafield tag="101" ind1=" " ind2=" ">
    <subfield code="a">LAT</subfield>
  </datafield>
  <datafield tag="102" ind1=" " ind2=" ">
    <subfield code="a">IT</subfield>
  </datafield>
  <datafield tag="200" ind1="1" ind2=" ">
    <subfield code="a">Extrauagantes tum viginti Ioannis vigesimisecundi, tum communes, cum glossis et epitomis assuetis</subfield>
  </datafield>
  <datafield tag="210" ind1=" " ind2=" ">
    <subfield code="a">Venetiis</subfield>
    <subfield code="c">\Francesco De Franceschi</subfield>
    <subfield code="d">Gaspare Bindoni il vecchio</subfield>
    <subfield code="d">Niccol ̣Bevilacqua</subfield>
    <subfield code="d">Damiano Zenaro!</subfield>
    <subfield code="d">1567</subfield>
  </datafield>
  <datafield tag="215" ind1=" " ind2=" ">
    <subfield code="a">\16!, 262, \2! p.</subfield>
    <subfield code="d">4ʻ</subfield>
  </datafield>
  <datafield tag="300" ind1=" " ind2=" ">
    <subfield code="a">Sul front. insegna di F. De Franceschi, G.Bindoni il vecchio, N. Bevilacqua e D. Zenaro.PARTE DI N VOL C6631</subfield>
  </datafield>
  <datafield tag="620" ind1=" " ind2=" ">
    <subfield code="a">IT</subfield>
    <subfield code="d">Venezia</subfield>
  </datafield>
  <datafield tag="702" ind1=" " ind2="0">
    <subfield code="a">Ioannes</subfield>
    <subfield code="c"> &lt;papa</subfield>
    <subfield code="c"> ; 22.&gt;</subfield>
    <subfield code="3">IT\ICCU\CNCA\003122</subfield>
  </datafield>
  <datafield tag="712" ind1="0" ind2="0">
    <subfield code="a">De_Franceschi, Francesco &lt;senese&gt; &amp; Bindoni, Gaspare &lt;1.&gt; &amp; Bevilacqua, Niccol ̣&amp; Zenaro, Damiano</subfield>
    <subfield code="3">IT\ICCU\CNCT\000866</subfield>
    <subfield code="4">650</subfield>
  </datafield>
  <datafield tag="790" ind1=" " ind2="1">
    <subfield code="a">Duz̈e,</subfield>
    <subfield code="b">Jacobus</subfield>
    <subfield code="3">IT\ICCU\CNCA\015359</subfield>
    <subfield code="z">Ioannes &lt;papa ; 22.&gt;</subfield>
  </datafield>
  <datafield tag="801" ind1=" " ind2="3">
    <subfield code="a">IT</subfield>
    <subfield code="b">ICCU</subfield>
    <subfield code="c">20201114</subfield>
  </datafield>
  <datafield tag="899" ind1=" " ind2=" ">
    <subfield code="a">Biblioteca civica. Tortona</subfield>
    <subfield code="1">AL0100</subfield>
    <subfield code="2">TO0 32</subfield>
  </datafield>
  <datafield tag="899" ind1=" " ind2=" ">
    <subfield code="a">Biblioteca del Convento della Verna. Chiusi della Verna</subfield>
    <subfield code="1">AR0029</subfield>
    <subfield code="2">RT1 CB</subfield>
  </datafield>
  <datafield tag="899" ind1=" " ind2=" ">
    <subfield code="a">Biblioteca provinciale dei Cappuccini di Puglia. Bari</subfield>
    <subfield code="1">BA0017</subfield>
    <subfield code="2">BA1 21</subfield>
  </datafield>
  <datafield tag="899" ind1=" " ind2=" ">
    <subfield code="a">Biblioteca diocesana del Seminario arcivescovile S. Tommaso d&apos;Aquino. Bisceglie</subfield>
    <subfield code="1">BA0074</subfield>
    <subfield code="2">PBE A1</subfield>
  </datafield>
  <datafield tag="899" ind1=" " ind2=" ">
    <subfield code="a">Biblioteca del Seminario Vescovile. Molfetta</subfield>
    <subfield code="1">BA0103</subfield>
    <subfield code="2">ZBA 18</subfield>
  </datafield>
  <datafield tag="899" ind1=" " ind2=" ">
    <subfield code="a">Biblioteca diocesana di Altamura - Gravina - Acquaviva delle Fonti. Gravina di Puglia</subfield>
    <subfield code="1">BA0142</subfield>
    <subfield code="2">BA1 16</subfield>
  </datafield>
  <datafield tag="899" ind1=" " ind2=" ">
    <subfield code="a">Biblioteca mons. G. M. Radini Tedeschi. Bergamo</subfield>
    <subfield code="1">BG0030</subfield>
    <subfield code="2">PBE 34</subfield>
  </datafield>
  <datafield tag="899" ind1=" " ind2=" ">
    <subfield code="a">Biblioteca e archivio storico arcivescovile. Capua</subfield>
    <subfield code="1">CE0009</subfield>
    <subfield code="2">NAP CM</subfield>
  </datafield>
  <datafield tag="899" ind1=" " ind2=" ">
    <subfield code="a">Biblioteca del Convento dei cappuccini. Incoronata di Vasto</subfield>
    <subfield code="1">CH0119</subfield>
    <subfield code="2">PBE H2</subfield>
  </datafield>
  <datafield tag="899" ind1=" " ind2=" ">
    <subfield code="a">Biblioteca diocesana. Cuneo</subfield>
    <subfield code="1">CN0036</subfield>
    <subfield code="2">TO0 51</subfield>
  </datafield>
  <datafield tag="899" ind1=" " ind2=" ">
    <subfield code="a">Biblioteca del Seminario vescovile Santa Maria della Pace. Cremona</subfield>
    <subfield code="1">CR0061</subfield>
    <subfield code="2">PBE 48</subfield>
  </datafield>
  <datafield tag="899" ind1=" " ind2=" ">
    <subfield code="a">Biblioteca nazionale centrale. Firenze</subfield>
    <subfield code="1">FI0098</subfield>
    <subfield code="2">CFI CF</subfield>
  </datafield>
  <datafield tag="899" ind1=" " ind2=" ">
    <subfield code="a">Biblioteca dell&apos;Abbazia di Vallombrosa. Reggello</subfield>
    <subfield code="1">FI0167</subfield>
    <subfield code="2">RT1 BC</subfield>
  </datafield>
  <datafield tag="899" ind1=" " ind2=" ">
    <subfield code="a">Biblioteca del Seminario. Chiavari</subfield>
    <subfield code="1">GE0012</subfield>
    <subfield code="2">PBE M1</subfield>
  </datafield>
  <datafield tag="899" ind1=" " ind2=" ">
    <subfield code="a">Biblioteca monsignor Luigi Roba. Genova</subfield>
    <subfield code="1">GE0139</subfield>
    <subfield code="2">PBE 10</subfield>
  </datafield>
  <datafield tag="899" ind1=" " ind2=" ">
    <subfield code="a">Biblioteca del Seminario vescovile. Lodi</subfield>
    <subfield code="1">LO0023</subfield>
    <subfield code="2">PBE 28</subfield>
  </datafield>
  <datafield tag="899" ind1=" " ind2=" ">
    <subfield code="a">Biblioteca statale. Lucca</subfield>
    <subfield code="1">LU0022</subfield>
    <subfield code="2">LUA BL</subfield>
  </datafield>
  <datafield tag="899" ind1=" " ind2=" ">
    <subfield code="a">Biblioteca comunale Mozzi-Borgetti. Macerata</subfield>
    <subfield code="1">MC0049</subfield>
    <subfield code="2">UMC CM</subfield>
  </datafield>
  <datafield tag="899" ind1=" " ind2=" ">
    <subfield code="a">Biblioteca nazionale Braidense. Milano</subfield>
    <subfield code="1">MI0185</subfield>
    <subfield code="2">MIL NB</subfield>
  </datafield>
  <datafield tag="899" ind1=" " ind2=" ">
    <subfield code="a">Biblioteca comunale Carlo Negroni. Novara</subfield>
    <subfield code="1">NO0054</subfield>
    <subfield code="2">TO0 08</subfield>
  </datafield>
  <datafield tag="899" ind1=" " ind2=" ">
    <subfield code="a">Biblioteca provinciale dei cappuccini. Palermo</subfield>
    <subfield code="1">PA0092</subfield>
    <subfield code="2">PAL 66</subfield>
  </datafield>
  <datafield tag="899" ind1=" " ind2=" ">
    <subfield code="a">Biblioteca universitaria. Padova</subfield>
    <subfield code="1">PD0158</subfield>
    <subfield code="2">PUV 00</subfield>
  </datafield>
  <datafield tag="899" ind1=" " ind2=" ">
    <subfield code="a">Biblioteca Porziuncola. Assisi</subfield>
    <subfield code="1">PG0179</subfield>
    <subfield code="2">UM1 36</subfield>
  </datafield>
  <datafield tag="899" ind1=" " ind2=" ">
    <subfield code="a">Biblioteca del Centro di documentazione francescana. Assisi</subfield>
    <subfield code="1">PG0213</subfield>
    <subfield code="2">UM1 37</subfield>
  </datafield>
  <datafield tag="899" ind1=" " ind2=" ">
    <subfield code="a">Biblioteca dei padri Carmelitani scalzi. Pisa</subfield>
    <subfield code="1">PI0046</subfield>
    <subfield code="2">PBE M5</subfield>
  </datafield>
  <datafield tag="899" ind1=" " ind2=" ">
    <subfield code="a">Biblioteca universitaria. Pisa</subfield>
    <subfield code="1">PI0112</subfield>
    <subfield code="2">PIS R1</subfield>
  </datafield>
  <datafield tag="899" ind1=" " ind2=" ">
    <subfield code="a">Biblioteca dell&apos;Almo collegio teologico. Parma</subfield>
    <subfield code="1">PR0041</subfield>
    <subfield code="2">ZPR 02</subfield>
  </datafield>
  <datafield tag="899" ind1=" " ind2=" ">
    <subfield code="a">Biblioteca comunale Federiciana. Fano</subfield>
    <subfield code="1">PU0018</subfield>
    <subfield code="2">URB FN</subfield>
  </datafield>
  <datafield tag="899" ind1=" " ind2=" ">
    <subfield code="a">Biblioteca centrale dell&apos;Area umanistica dell&apos;Universit ̉degli studi di Urbino. Urbino</subfield>
    <subfield code="1">PU0206</subfield>
    <subfield code="2">URB AU</subfield>
  </datafield>
  <datafield tag="899" ind1=" " ind2=" ">
    <subfield code="a">Biblioteca nazionale centrale. Roma</subfield>
    <subfield code="1">RM0267</subfield>
    <subfield code="2">BVE CR</subfield>
  </datafield>
  <datafield tag="899" ind1=" " ind2=" ">
    <subfield code="a">Biblioteca provinciale francescana. Sassari</subfield>
    <subfield code="1">SS0071</subfield>
    <subfield code="2">PBE 81</subfield>
  </datafield>
  <datafield tag="899" ind1=" " ind2=" ">
    <subfield code="a">Biblioteca del Dipartimento di scienze giuridiche dell&apos;Universit ̉degli studi di Sassari. Sassari</subfield>
    <subfield code="1">SS0080</subfield>
    <subfield code="2">ZSS 05</subfield>
  </datafield>
  <datafield tag="899" ind1=" " ind2=" ">
    <subfield code="a">Biblioteca provinciale dei padri Cappuccini. Trento</subfield>
    <subfield code="1">TN0134</subfield>
    <subfield code="2">ZTN 02</subfield>
  </datafield>
  <datafield tag="899" ind1=" " ind2=" ">
    <subfield code="a">Biblioteca dell&apos;ex Seminario vescovile. Amelia</subfield>
    <subfield code="1">TR0037</subfield>
    <subfield code="2">ZTR 06</subfield>
  </datafield>
  <datafield tag="899" ind1=" " ind2=" ">
    <subfield code="a">Biblioteca civica A. Hortis. Trieste</subfield>
    <subfield code="1">TS0013</subfield>
    <subfield code="2">TSA BC</subfield>
  </datafield>
  <datafield tag="899" ind1=" " ind2=" ">
    <subfield code="a">Biblioteca civica Vincenzo Joppi. Udine</subfield>
    <subfield code="1">UD0106</subfield>
    <subfield code="2">FVG 12</subfield>
  </datafield>
  <datafield tag="899" ind1=" " ind2=" ">
    <subfield code="a">Biblioteca nazionale Marciana. Venezia</subfield>
    <subfield code="1">VE0049</subfield>
    <subfield code="2">VEA BM</subfield>
  </datafield>
  <datafield tag="899" ind1=" " ind2=" ">
    <subfield code="a">Biblioteca civica Renato Bortoli. Schio</subfield>
    <subfield code="1">VI0073</subfield>
    <subfield code="2">ZVI 04</subfield>
  </datafield>
  <datafield tag="899" ind1=" " ind2=" ">
    <subfield code="a">Biblioteca consorziale di Viterbo. Viterbo</subfield>
    <subfield code="1">VT0116</subfield>
    <subfield code="2">RMS B3</subfield>
  </datafield>
</record>
</collection>
